
    <record>
        <leader>01680pam a2200385 i 4500</leader>
        <controlfield tag="001">020281292</controlfield>
        <controlfield tag="003">Uk</controlfield>
        <controlfield tag="005">20230801094129.0</controlfield>
        <controlfield tag="008">210602s2021    caua          000 1 eng d</controlfield>
        <datafield tag="016" ind1="7" ind2=" ">
            <subfield code="a">020281292</subfield>
            <subfield code="2">Uk</subfield>
        </datafield>
        <datafield tag="020" ind1=" " ind2=" ">
            <subfield code="a">9781645178149</subfield>
            <subfield code="q">hardback :</subfield>
            <subfield code="c">£18.99</subfield>
        </datafield>
        <datafield tag="041" ind1="1" ind2=" ">
            <subfield code="a">eng</subfield>
            <subfield code="h">fre</subfield>
        </datafield>
        <datafield tag="082" ind1="0" ind2="4">
            <subfield code="a">823.08720808</subfield>
            <subfield code="2">23</subfield>
        </datafield>
        <datafield tag="245" ind1="0" ind2="0">
            <subfield code="a">Classic tales of mystery /</subfield>
            <subfield code="c">editor: Traci Douglas.</subfield>
        </datafield>
        <datafield tag="264" ind1=" " ind2="1">
            <subfield code="a">San Diego, CA :</subfield>
            <subfield code="b">Canterbury Classics,</subfield>
            <subfield code="c">[2021]</subfield>
        </datafield>
        <datafield tag="300" ind1=" " ind2=" ">
            <subfield code="a">xvi, 765 pages :</subfield>
            <subfield code="b">illustrations (black and white) ;</subfield>
            <subfield code="c">24 cm.</subfield>
        </datafield>
        <datafield tag="336" ind1=" " ind2=" ">
            <subfield code="a">text</subfield>
            <subfield code="2">rdacontent</subfield>
        </datafield>
        <datafield tag="337" ind1=" " ind2=" ">
            <subfield code="a">unmediated</subfield>
            <subfield code="2">rdamedia</subfield>
        </datafield>
        <datafield tag="338" ind1=" " ind2=" ">
            <subfield code="a">volume</subfield>
            <subfield code="2">rdacarrier</subfield>
        </datafield>
        <datafield tag="490" ind1="0" ind2=" ">
            <subfield code="a">Word cloud classics</subfield>
        </datafield>
        <datafield tag="500" ind1=" " ind2=" ">
            <subfield code="a">"These works have been published in their original form to preserve the authors' intent and style." -- Title page verso.</subfield>
        </datafield>
        <datafield tag="500" ind1=" " ind2=" ">
            <subfield code="a">Formerly CIP.</subfield>
            <subfield code="5">Uk</subfield>
        </datafield>
        <datafield tag="500" ind1=" " ind2=" ">
            <subfield code="a">Includes one novel translated from the French.</subfield>
        </datafield>
        <datafield tag="505" ind1="2" ind2=" ">
            <subfield code="a">The murder on the links / Agatha Christie -- Whose body? / Dorothy L. Sayers -- The thirty-nine steps / John Buchan -- The Antarctic mystery / Jules Verne -- Room 13 / Edgar Wallace.</subfield>
        </datafield>
        <datafield tag="700" ind1="1" ind2=" ">
            <subfield code="a">Douglas, Traci L.,</subfield>
            <subfield code="d">1968-</subfield>
            <subfield code="e">editor.</subfield>
        </datafield>
        <datafield tag="700" ind1="1" ind2="2">
            <subfield code="a">Buchan, John,</subfield>
            <subfield code="d">1875-1940.</subfield>
            <subfield code="t">Thirty-nine steps.</subfield>
        </datafield>
        <datafield tag="700" ind1="1" ind2="2">
            <subfield code="a">Christie, Agatha,</subfield>
            <subfield code="d">1890-1976.</subfield>
            <subfield code="t">Murder on the links.</subfield>
        </datafield>
        <datafield tag="700" ind1="1" ind2="2">
            <subfield code="a">Sayers, Dorothy L.</subfield>
            <subfield code="q">(Dorothy Leigh),</subfield>
            <subfield code="d">1893-1957.</subfield>
            <subfield code="t">Whose body?.</subfield>
        </datafield>
        <datafield tag="700" ind1="1" ind2="2">
            <subfield code="a">Verne, Jules,</subfield>
            <subfield code="d">1828-1905.</subfield>
            <subfield code="t">Sphinx des glaces.</subfield>
            <subfield code="l">English.</subfield>
        </datafield>
        <datafield tag="700" ind1="1" ind2="2">
            <subfield code="a">Wallace, Edgar,</subfield>
            <subfield code="d">1875-1932.</subfield>
            <subfield code="t">Room 13.</subfield>
        </datafield>
    </record>