
    <record>
        <leader>01590pam a2200409 i 4500</leader>
        <controlfield tag="001">018457965</controlfield>
        <controlfield tag="003">Uk</controlfield>
        <controlfield tag="005">20180609114530.0</controlfield>
        <controlfield tag="008">170620s2017    enkab         000 1 eng d</controlfield>
        <datafield tag="016" ind1="7" ind2=" ">
            <subfield code="a">018457965</subfield>
            <subfield code="2">Uk</subfield>
        </datafield>
        <datafield tag="020" ind1=" " ind2=" ">
            <subfield code="a">9780008262310</subfield>
            <subfield code="q">paperback :</subfield>
            <subfield code="c">£7.99</subfield>
        </datafield>
        <datafield tag="082" ind1="0" ind2="4">
            <subfield code="a">428.64</subfield>
            <subfield code="2">23</subfield>
        </datafield>
        <datafield tag="245" ind1="0" ind2="4">
            <subfield code="a">The murder at the vicarage /</subfield>
            <subfield code="c">[from the novel by] Agatha Christie.</subfield>
        </datafield>
        <datafield tag="250" ind1=" " ind2=" ">
            <subfield code="a">Second edition.</subfield>
        </datafield>
        <datafield tag="264" ind1=" " ind2="1">
            <subfield code="a">London :</subfield>
            <subfield code="b">Collins,</subfield>
            <subfield code="c">2017.</subfield>
        </datafield>
        <datafield tag="300" ind1=" " ind2=" ">
            <subfield code="a">v, 117 pages :</subfield>
            <subfield code="b">illustrations (black and white), maps (black and white) ;</subfield>
            <subfield code="c">20 cm.</subfield>
        </datafield>
        <datafield tag="336" ind1=" " ind2=" ">
            <subfield code="a">cartographic image</subfield>
            <subfield code="2">rdacontent</subfield>
        </datafield>
        <datafield tag="336" ind1=" " ind2=" ">
            <subfield code="a">still image</subfield>
            <subfield code="2">rdacontent</subfield>
        </datafield>
        <datafield tag="336" ind1=" " ind2=" ">
            <subfield code="a">text</subfield>
            <subfield code="2">rdacontent</subfield>
        </datafield>
        <datafield tag="337" ind1=" " ind2=" ">
            <subfield code="a">unmediated</subfield>
            <subfield code="2">rdamedia</subfield>
        </datafield>
        <datafield tag="338" ind1=" " ind2=" ">
            <subfield code="a">volume</subfield>
            <subfield code="2">rdacarrier</subfield>
        </datafield>
        <datafield tag="490" ind1="0" ind2=" ">
            <subfield code="a">Collins English readers. Agatha Christie mysteries</subfield>
        </datafield>
        <datafield tag="500" ind1=" " ind2=" ">
            <subfield code="a">"Adapted using the Collins COBUILD grading scheme." -- Publisher's web site.</subfield>
        </datafield>
        <datafield tag="500" ind1=" " ind2=" ">
            <subfield code="a">"British English. Word count: 24,358. Headwords: approx. 2,200" -- Cover.</subfield>
        </datafield>
        <datafield tag="500" ind1=" " ind2=" ">
            <subfield code="a">Formerly CIP.</subfield>
            <subfield code="5">Uk</subfield>
        </datafield>
        <datafield tag="500" ind1=" " ind2=" ">
            <subfield code="a">Includes cultural notes and glossary.</subfield>
        </datafield>
        <datafield tag="521" ind1=" " ind2=" ">
            <subfield code="a">"For readers worldwide whose first language is not English." -- Page iv.</subfield>
        </datafield>
        <datafield tag="521" ind1="0" ind2=" ">
            <subfield code="a">"CEF B2+" -- Cover.</subfield>
        </datafield>
        <datafield tag="521" ind1="0" ind2=" ">
            <subfield code="a">"Level 5" -- Cover.</subfield>
        </datafield>
        <datafield tag="600" ind1="1" ind2="0">
            <subfield code="a">Marple, Jane</subfield>
            <subfield code="c">(Fictitious character)</subfield>
            <subfield code="v">Fiction.</subfield>
        </datafield>
        <datafield tag="700" ind1="1" ind2=" ">
            <subfield code="a">Christie, Agatha,</subfield>
            <subfield code="d">1890-1976.</subfield>
            <subfield code="t">Murder at the vicarage.</subfield>
        </datafield>
    </record>