
    <record>
        <leader>00978pam a2200301 i 4500</leader>
        <controlfield tag="001">016448170</controlfield>
        <controlfield tag="003">Uk</controlfield>
        <controlfield tag="005">20160115103344.0</controlfield>
        <controlfield tag="008">130513r20131926enk           000 1 eng|d</controlfield>
        <datafield tag="016" ind1="7" ind2=" ">
            <subfield code="a">016448170</subfield>
            <subfield code="2">Uk</subfield>
        </datafield>
        <datafield tag="020" ind1=" " ind2=" ">
            <subfield code="a">9780007527526 (pbk.) :</subfield>
            <subfield code="c">£7.99</subfield>
        </datafield>
        <datafield tag="082" ind1="0" ind2="4">
            <subfield code="a">823.912</subfield>
            <subfield code="2">23</subfield>
        </datafield>
        <datafield tag="100" ind1="1" ind2=" ">
            <subfield code="a">Christie, Agatha,</subfield>
            <subfield code="d">1890-1976,</subfield>
            <subfield code="e">author.</subfield>
        </datafield>
        <datafield tag="245" ind1="1" ind2="4">
            <subfield code="a">The murder of Roger Ackroyd /</subfield>
            <subfield code="c">Agatha Christie.</subfield>
        </datafield>
        <datafield tag="264" ind1=" " ind2="1">
            <subfield code="a">London :</subfield>
            <subfield code="b">Harper,</subfield>
            <subfield code="c">2013.</subfield>
        </datafield>
        <datafield tag="300" ind1=" " ind2=" ">
            <subfield code="a">xv, 305 pages ;</subfield>
            <subfield code="c">20 cm</subfield>
        </datafield>
        <datafield tag="336" ind1=" " ind2=" ">
            <subfield code="a">text</subfield>
            <subfield code="2">rdacontent</subfield>
        </datafield>
        <datafield tag="337" ind1=" " ind2=" ">
            <subfield code="a">unmediated</subfield>
            <subfield code="2">rdamedia</subfield>
        </datafield>
        <datafield tag="338" ind1=" " ind2=" ">
            <subfield code="a">volume</subfield>
            <subfield code="2">rdacarrier</subfield>
        </datafield>
        <datafield tag="500" ind1=" " ind2=" ">
            <subfield code="a">Formerly CIP.</subfield>
            <subfield code="5">Uk</subfield>
        </datafield>
        <datafield tag="500" ind1=" " ind2=" ">
            <subfield code="a">Originally published: London: Collins, 1926.</subfield>
        </datafield>
        <datafield tag="600" ind1="1" ind2="0">
            <subfield code="a">Poirot, Hercule</subfield>
            <subfield code="c">(Fictitious character)</subfield>
            <subfield code="v">Fiction.</subfield>
        </datafield>
    </record>