
    <record>
        <leader>01616nam a2200349 a 4500</leader>
        <controlfield tag="001">016154359</controlfield>
        <controlfield tag="003">Uk</controlfield>
        <controlfield tag="005">20120823121650.0</controlfield>
        <controlfield tag="008">970523s1976    xr af         000 f cze d</controlfield>
        <datafield tag="041" ind1="1" ind2=" ">
            <subfield code="a">cze</subfield>
            <subfield code="h">eng</subfield>
        </datafield>
        <datafield tag="100" ind1="1" ind2=" ">
            <subfield code="a">Christie, Agatha,</subfield>
            <subfield code="d">1890-1976.</subfield>
        </datafield>
        <datafield tag="245" ind1="1" ind2="0">
            <subfield code="a">Pan Poirot se vrací /</subfield>
            <subfield code="c">Agatha Christie ; [z anglických originálů ... přeložila Eva Outratová a Ma-Fa Marie Fantová ; ilustroval Karel Teissig]</subfield>
        </datafield>
        <datafield tag="250" ind1=" " ind2=" ">
            <subfield code="a">Vyd. 1.</subfield>
        </datafield>
        <datafield tag="260" ind1=" " ind2=" ">
            <subfield code="a">Praha :</subfield>
            <subfield code="b">Mladá fronta,</subfield>
            <subfield code="c">1976</subfield>
            <subfield code="f">(Rudé právo)</subfield>
        </datafield>
        <datafield tag="300" ind1=" " ind2=" ">
            <subfield code="a">394, [4] p. :</subfield>
            <subfield code="b">[12] p. pl. ;</subfield>
            <subfield code="c">20 cm.</subfield>
        </datafield>
        <datafield tag="336" ind1=" " ind2=" ">
            <subfield code="a">text</subfield>
            <subfield code="2">rdacontent</subfield>
        </datafield>
        <datafield tag="337" ind1=" " ind2=" ">
            <subfield code="a">unmediated</subfield>
            <subfield code="2">rdamedia</subfield>
        </datafield>
        <datafield tag="338" ind1=" " ind2=" ">
            <subfield code="a">volume</subfield>
            <subfield code="2">rdacarrier</subfield>
        </datafield>
        <datafield tag="490" ind1="1" ind2=" ">
            <subfield code="a">Máj ;</subfield>
            <subfield code="v">Sv. 265</subfield>
        </datafield>
        <datafield tag="500" ind1=" " ind2=" ">
            <subfield code="a">150000 copies.</subfield>
        </datafield>
        <datafield tag="500" ind1=" " ind2=" ">
            <subfield code="a">Notes about author: Hana Žantovská</subfield>
        </datafield>
        <datafield tag="500" ind1=" " ind2=" ">
            <subfield code="a">Obálku s použitím kresby ilustrátora a vazbu navrhl Jiří Svoboda</subfield>
        </datafield>
        <datafield tag="500" ind1=" " ind2=" ">
            <subfield code="a">Published jointly by NV, Praha and Smena, Bratislava</subfield>
        </datafield>
        <datafield tag="500" ind1=" " ind2=" ">
            <subfield code="a">Vražda Rogera Ackroyda 1. vyd.</subfield>
        </datafield>
        <datafield tag="505" ind1="0" ind2="0">
            <subfield code="t">Vražda Rogera Ackroyda --</subfield>
            <subfield code="t">Pět malých prasátek</subfield>
        </datafield>
        <datafield tag="520" ind1=" " ind2=" ">
            <subfield code="a">Dva detektivní romány připomínají autorčina detektiva Hercula Poirota. První (vražda Rogera Acroyda) je z dvacátých let a přináší drama z anglického venkova. Druhý (Pět malých prasátek) z třicátých let představuje dokonale promyšlený případ pátrání po staré vraždě.</subfield>
        </datafield>
        <datafield tag="765" ind1="0" ind2=" ">
            <subfield code="t">Five Little Pigs</subfield>
        </datafield>
        <datafield tag="765" ind1="0" ind2=" ">
            <subfield code="t">Murder of Roger Ackroyd</subfield>
        </datafield>
        <datafield tag="830" ind1=" " ind2="0">
            <subfield code="a">Máj ;</subfield>
            <subfield code="v">Sv. 265.</subfield>
        </datafield>
    </record>