
    <record>
        <leader>00868nam a2200277 i 4500</leader>
        <controlfield tag="001">016146469</controlfield>
        <controlfield tag="003">Uk</controlfield>
        <controlfield tag="005">20170728150508.0</controlfield>
        <controlfield tag="008">971230s1969    xr            000 f cze d</controlfield>
        <datafield tag="041" ind1="1" ind2=" ">
            <subfield code="a">cze</subfield>
            <subfield code="h">eng</subfield>
        </datafield>
        <datafield tag="100" ind1="1" ind2=" ">
            <subfield code="a">Christie, Agatha,</subfield>
            <subfield code="d">1890-1976,</subfield>
            <subfield code="e">author.</subfield>
        </datafield>
        <datafield tag="240" ind1="1" ind2="0">
            <subfield code="a">Murder in Mesopotamia.</subfield>
            <subfield code="l">Czech</subfield>
        </datafield>
        <datafield tag="245" ind1="1" ind2="0">
            <subfield code="a">Vražda v Mezopotámii /</subfield>
            <subfield code="c">Agatha Christie ; přeložil Jan Zábrana.</subfield>
        </datafield>
        <datafield tag="250" ind1=" " ind2=" ">
            <subfield code="a">Vydání první.</subfield>
        </datafield>
        <datafield tag="264" ind1=" " ind2="1">
            <subfield code="a">Praha :</subfield>
            <subfield code="b">Orbis,</subfield>
            <subfield code="c">1969.</subfield>
        </datafield>
        <datafield tag="300" ind1=" " ind2=" ">
            <subfield code="a">193 pages ;</subfield>
            <subfield code="c">20 cm.</subfield>
        </datafield>
        <datafield tag="336" ind1=" " ind2=" ">
            <subfield code="a">text</subfield>
            <subfield code="2">rdacontent</subfield>
        </datafield>
        <datafield tag="337" ind1=" " ind2=" ">
            <subfield code="a">unmediated</subfield>
            <subfield code="2">rdamedia</subfield>
        </datafield>
        <datafield tag="338" ind1=" " ind2=" ">
            <subfield code="a">volume</subfield>
            <subfield code="2">rdacarrier</subfield>
        </datafield>
        <datafield tag="490" ind1="1" ind2=" ">
            <subfield code="a">Edice Kobra ;</subfield>
            <subfield code="v">svazek 7</subfield>
        </datafield>
        <datafield tag="500" ind1=" " ind2=" ">
            <subfield code="a">Translation of: Murder in Mesopotamia.</subfield>
        </datafield>
        <datafield tag="700" ind1="1" ind2=" ">
            <subfield code="a">Zábrana, Jan,</subfield>
            <subfield code="e">translator.</subfield>
        </datafield>
        <datafield tag="830" ind1=" " ind2="0">
            <subfield code="a">Edice Kobra ;</subfield>
            <subfield code="v">svazek 7.</subfield>
        </datafield>
    </record>