
    <record>
        <leader>01681 am a2200301 a 4500</leader>
        <controlfield tag="001">015628739</controlfield>
        <controlfield tag="003">Uk</controlfield>
        <controlfield tag="005">20100817130650.0</controlfield>
        <controlfield tag="008">971021s1970    xr a          000 f cze d</controlfield>
        <datafield tag="041" ind1="1" ind2=" ">
            <subfield code="a">cze</subfield>
            <subfield code="h">eng</subfield>
        </datafield>
        <datafield tag="080" ind1=" " ind2=" ">
            <subfield code="a">820-312.4</subfield>
        </datafield>
        <datafield tag="100" ind1="1" ind2=" ">
            <subfield code="a">Christie, Agatha,</subfield>
            <subfield code="d">1890-1976.</subfield>
        </datafield>
        <datafield tag="240" ind1="0" ind2="0">
            <subfield code="a">A murder is announced</subfield>
            <subfield code="l">Czech</subfield>
            <subfield code="f">1964</subfield>
        </datafield>
        <datafield tag="245" ind1="1" ind2="0">
            <subfield code="a">Oznamuje se vražda... /</subfield>
            <subfield code="c">Agatha Christie ; Z angl. orig. A murder is announced přel. Eva Hrubá ; Il. Jaroslav Petrželka</subfield>
        </datafield>
        <datafield tag="250" ind1=" " ind2=" ">
            <subfield code="a">1. vyd.</subfield>
        </datafield>
        <datafield tag="260" ind1=" " ind2=" ">
            <subfield code="a">Praha :</subfield>
            <subfield code="b">Vyšehrad,</subfield>
            <subfield code="c">1970, [na tit. listu chybně] 1969</subfield>
            <subfield code="e">(Brno :</subfield>
            <subfield code="f">Tisk 1)</subfield>
        </datafield>
        <datafield tag="300" ind1=" " ind2=" ">
            <subfield code="a">220, [2] p. :</subfield>
            <subfield code="b">ill. ;</subfield>
            <subfield code="c">20 cm.</subfield>
        </datafield>
        <datafield tag="336" ind1=" " ind2=" ">
            <subfield code="a">text</subfield>
            <subfield code="2">rdacontent</subfield>
        </datafield>
        <datafield tag="337" ind1=" " ind2=" ">
            <subfield code="a">unmediated</subfield>
            <subfield code="2">rdamedia</subfield>
        </datafield>
        <datafield tag="338" ind1=" " ind2=" ">
            <subfield code="a">volume</subfield>
            <subfield code="2">rdacarrier</subfield>
        </datafield>
        <datafield tag="500" ind1=" " ind2=" ">
            <subfield code="a">60000 copies.</subfield>
        </datafield>
        <datafield tag="500" ind1=" " ind2=" ">
            <subfield code="a">Cover design by illustrator.</subfield>
        </datafield>
        <datafield tag="500" ind1=" " ind2=" ">
            <subfield code="a">Frontispiece</subfield>
        </datafield>
        <datafield tag="520" ind1=" " ind2=" ">
            <subfield code="a">"Oznamuje se vražda. Bude spáchána v pátek 29. října ve vile Little Paddocks v 18.30. Přátelé, přijměte laskavě tuto zprávu místo zvláštního oznámení." Touto originální zprávou v místním časopise malého anglického městečka a současně originální expozicí rozbíhá se děj detektivního románu známé autorky. Jde o příběh z poválečné Anglie na pozadí sporů o dědictví, v němž jednu vraždu provedenou podle ohlášení v novinách a dvě další pomáhá vyšetřovat stará paní, žena bohatá životními zkušenostmi a nadaná bystrým postřehem a úsudkem.</subfield>
        </datafield>
    </record>