
    <record>
        <leader>00601nam a22002053  4500</leader>
        <controlfield tag="001">014033497</controlfield>
        <controlfield tag="003">Uk</controlfield>
        <controlfield tag="005">20160219100405.0</controlfield>
        <controlfield tag="008">060530s1955    |||||||       ||| ||ger  </controlfield>
        <datafield tag="020" ind1=" " ind2=" ">
            <subfield code="a">3442000645</subfield>
        </datafield>
        <datafield tag="100" ind1="1" ind2=" ">
            <subfield code="a">Christie, Agatha,</subfield>
            <subfield code="d">1890-1976.</subfield>
        </datafield>
        <datafield tag="240" ind1="1" ind2="0">
            <subfield code="a">Murder in three acts.</subfield>
            <subfield code="l">German</subfield>
        </datafield>
        <datafield tag="245" ind1="1" ind2="0">
            <subfield code="a">Nikotin :</subfield>
            <subfield code="b">Three act Tragedy : Kriminalroman.</subfield>
        </datafield>
        <datafield tag="260" ind1=" " ind2=" ">
            <subfield code="a">[S.l.] :</subfield>
            <subfield code="b">Wilhelm Goldmann,</subfield>
            <subfield code="c">[1955]</subfield>
        </datafield>
        <datafield tag="336" ind1=" " ind2=" ">
            <subfield code="a">text</subfield>
            <subfield code="2">rdacontent</subfield>
        </datafield>
        <datafield tag="337" ind1=" " ind2=" ">
            <subfield code="a">unmediated</subfield>
            <subfield code="2">rdamedia</subfield>
        </datafield>
        <datafield tag="338" ind1=" " ind2=" ">
            <subfield code="a">volume</subfield>
            <subfield code="2">rdacarrier</subfield>
        </datafield>
        <datafield tag="490" ind1="0" ind2=" ">
            <subfield code="a">Goldmann: Rote Krimmi ;</subfield>
            <subfield code="v">64</subfield>
        </datafield>
    </record>