
    <record>
        <leader>00867 am a2200253ui 4500</leader>
        <controlfield tag="001">009292272</controlfield>
        <controlfield tag="005">20091214050400.0</controlfield>
        <controlfield tag="008">780510s1977    is     ||     000 1|rus d</controlfield>
        <datafield tag="019" ind1="1" ind2=" ">
            <subfield code="a">oc03881579</subfield>
        </datafield>
        <datafield tag="041" ind1="1" ind2=" ">
            <subfield code="a">rus</subfield>
            <subfield code="h">eng</subfield>
        </datafield>
        <datafield tag="100" ind1="1" ind2=" ">
            <subfield code="a">Christie, Agatha,</subfield>
            <subfield code="d">1890-1976.</subfield>
        </datafield>
        <datafield tag="240" ind1="1" ind2="0">
            <subfield code="a">Murder of Roger Ackroyd.</subfield>
            <subfield code="l">Russian</subfield>
        </datafield>
        <datafield tag="245" ind1="1" ind2="0">
            <subfield code="a">Ubiĭstvo Rodzhera Akroĭda /</subfield>
            <subfield code="c">Agata Kristi ; [perevod Aleksandra Vaĭnshteĭna].</subfield>
        </datafield>
        <datafield tag="260" ind1=" " ind2=" ">
            <subfield code="a">[s.l. :</subfield>
            <subfield code="b">s.n,</subfield>
            <subfield code="c">1977?]</subfield>
            <subfield code="e">((Telʹ-Aviv :</subfield>
            <subfield code="f">"Or-Press"))</subfield>
        </datafield>
        <datafield tag="300" ind1=" " ind2=" ">
            <subfield code="a">181 p. ;</subfield>
            <subfield code="c">22 cm.</subfield>
        </datafield>
        <datafield tag="336" ind1=" " ind2=" ">
            <subfield code="a">text</subfield>
            <subfield code="2">rdacontent</subfield>
        </datafield>
        <datafield tag="337" ind1=" " ind2=" ">
            <subfield code="a">unmediated</subfield>
            <subfield code="2">rdamedia</subfield>
        </datafield>
        <datafield tag="338" ind1=" " ind2=" ">
            <subfield code="a">volume</subfield>
            <subfield code="2">rdacarrier</subfield>
        </datafield>
        <datafield tag="490" ind1="0" ind2=" ">
            <subfield code="a">Biblioteka "Shedevry detektiva" ; vyp. 6</subfield>
        </datafield>
        <datafield tag="500" ind1=" " ind2=" ">
            <subfield code="a">In Cyrillic characters.</subfield>
        </datafield>
        <datafield tag="546" ind1=" " ind2=" ">
            <subfield code="a">Translation of The murder of Roger Ackroyd.</subfield>
        </datafield>
    </record>