
    <record>
        <leader>01206 am a2200313ua 4500</leader>
        <controlfield tag="001">007445932</controlfield>
        <controlfield tag="005">20091119004100.0</controlfield>
        <controlfield tag="008">840213s1983    enk    ||     000 1|eng  </controlfield>
        <datafield tag="019" ind1="1" ind2=" ">
            <subfield code="a">0907486398</subfield>
        </datafield>
        <datafield tag="019" ind1="9" ind2=" ">
            <subfield code="a">0907486398</subfield>
        </datafield>
        <datafield tag="019" ind1="y" ind2=" ">
            <subfield code="a">b8408736</subfield>
        </datafield>
        <datafield tag="020" ind1=" " ind2=" ">
            <subfield code="a">0907486398 :</subfield>
            <subfield code="c">£2.99</subfield>
        </datafield>
        <datafield tag="039" ind1="0" ind2=" ">
            <subfield code="a">1778</subfield>
        </datafield>
        <datafield tag="082" ind1="0" ind2="4">
            <subfield code="a">823/.912</subfield>
            <subfield code="2">19</subfield>
        </datafield>
        <datafield tag="100" ind1="1" ind2=" ">
            <subfield code="a">Christie, Agatha,</subfield>
            <subfield code="d">1890-1976.</subfield>
        </datafield>
        <datafield tag="245" ind1="1" ind2="4">
            <subfield code="a">The murder at the vicarage ;</subfield>
            <subfield code="b">The mirror crack'd from side to side : a Miss Marple duo /</subfield>
            <subfield code="c">Agatha Christie.</subfield>
        </datafield>
        <datafield tag="260" ind1=" " ind2=" ">
            <subfield code="a">London :</subfield>
            <subfield code="b">Chancellor,</subfield>
            <subfield code="c">1983.</subfield>
        </datafield>
        <datafield tag="300" ind1=" " ind2=" ">
            <subfield code="a">380p. ;</subfield>
            <subfield code="c">23cm.</subfield>
        </datafield>
        <datafield tag="336" ind1=" " ind2=" ">
            <subfield code="a">text</subfield>
            <subfield code="2">rdacontent</subfield>
        </datafield>
        <datafield tag="337" ind1=" " ind2=" ">
            <subfield code="a">unmediated</subfield>
            <subfield code="2">rdamedia</subfield>
        </datafield>
        <datafield tag="338" ind1=" " ind2=" ">
            <subfield code="a">volume</subfield>
            <subfield code="2">rdacarrier</subfield>
        </datafield>
        <datafield tag="500" ind1=" " ind2=" ">
            <subfield code="a">The miorror crack'd from side to side originally published: London : Collins, 1962.</subfield>
        </datafield>
        <datafield tag="700" ind1="1" ind2=" ">
            <subfield code="a">Christie, Agatha,</subfield>
            <subfield code="d">1890-1976.</subfield>
            <subfield code="t">Mirror crack'd from side to side.</subfield>
        </datafield>
    </record>