
    <record>
        <leader>00832cam a22003133u 4500</leader>
        <controlfield tag="001">007119189</controlfield>
        <controlfield tag="003">Uk</controlfield>
        <controlfield tag="005">20210414145526.0</controlfield>
        <controlfield tag="008">040420|1990    |||    ||     000 ||eng  </controlfield>
        <datafield tag="019" ind1="8" ind2=" ">
            <subfield code="a">ngb199507056</subfield>
        </datafield>
        <datafield tag="019" ind1="a" ind2=" ">
            <subfield code="a">G02436556</subfield>
        </datafield>
        <datafield tag="082" ind1="0" ind2="4">
            <subfield code="a">301</subfield>
            <subfield code="2">22</subfield>
        </datafield>
        <datafield tag="082" ind1="0" ind2="4">
            <subfield code="a">361</subfield>
            <subfield code="2">22</subfield>
        </datafield>
        <datafield tag="100" ind1="1" ind2=" ">
            <subfield code="a">Brown, Lyn.</subfield>
        </datafield>
        <datafield tag="245" ind1="0" ind2="0">
            <subfield code="a">Families of Murder Victims Project :</subfield>
            <subfield code="b">final report.</subfield>
        </datafield>
        <datafield tag="260" ind1=" " ind2=" ">
            <subfield code="b">Victim Support,</subfield>
            <subfield code="c">1990.</subfield>
        </datafield>
        <datafield tag="336" ind1=" " ind2=" ">
            <subfield code="a">text</subfield>
            <subfield code="2">rdacontent</subfield>
        </datafield>
        <datafield tag="337" ind1=" " ind2=" ">
            <subfield code="a">unmediated</subfield>
            <subfield code="2">rdamedia</subfield>
        </datafield>
        <datafield tag="338" ind1=" " ind2=" ">
            <subfield code="a">volume</subfield>
            <subfield code="2">rdacarrier</subfield>
        </datafield>
        <datafield tag="690" ind1="7" ind2=" ">
            <subfield code="a">Social Welfare</subfield>
            <subfield code="2">blcoll</subfield>
        </datafield>
        <datafield tag="700" ind1="1" ind2=" ">
            <subfield code="a">Christie, Ruth</subfield>
            <subfield code="c">(Sociologist)</subfield>
        </datafield>
        <datafield tag="700" ind1="1" ind2=" ">
            <subfield code="a">Morris, David.</subfield>
        </datafield>
        <datafield tag="710" ind1="2" ind2=" ">
            <subfield code="a">Victim Support (Great Britain)</subfield>
        </datafield>
    </record>