
    <record>
        <leader>00842nam a22002293  4500</leader>
        <controlfield tag="001">000696618</controlfield>
        <controlfield tag="005">20190519123715.0</controlfield>
        <controlfield tag="008">950310|1970|||||||    ||     ||| ||lav  </controlfield>
        <datafield tag="019" ind1="x" ind2=" ">
            <subfield code="a">0620280166</subfield>
        </datafield>
        <datafield tag="100" ind1="1" ind2=" ">
            <subfield code="a">Christie, Agatha,</subfield>
            <subfield code="d">1890-1976.</subfield>
        </datafield>
        <datafield tag="240" ind1="1" ind2="0">
            <subfield code="a">[Murder on the Orient Express.]</subfield>
        </datafield>
        <datafield tag="245" ind1="1" ind2="0">
            <subfield code="a">Austrumu ekspresis. Romāns. (No angl̡u valodas tulkojusi Lūcija Rambeka.).</subfield>
        </datafield>
        <datafield tag="260" ind1=" " ind2=" ">
            <subfield code="a">Rīgā :</subfield>
            <subfield code="b">Izdevniecība "Liesma",</subfield>
            <subfield code="c">1970.</subfield>
        </datafield>
        <datafield tag="300" ind1=" " ind2=" ">
            <subfield code="a">289 p. ;</subfield>
            <subfield code="c">18 cm.</subfield>
        </datafield>
        <datafield tag="336" ind1=" " ind2=" ">
            <subfield code="a">text</subfield>
            <subfield code="2">rdacontent</subfield>
        </datafield>
        <datafield tag="337" ind1=" " ind2=" ">
            <subfield code="a">unmediated</subfield>
            <subfield code="2">rdamedia</subfield>
        </datafield>
        <datafield tag="338" ind1=" " ind2=" ">
            <subfield code="a">volume</subfield>
            <subfield code="2">rdacarrier</subfield>
        </datafield>
        <datafield tag="700" ind1="1" ind2=" ">
            <subfield code="a">RAMBEKA, Lūcija.</subfield>
        </datafield>
    </record>