
    <record>
        <leader>00846nam a22002413  4500</leader>
        <controlfield tag="001">000696617</controlfield>
        <controlfield tag="005">20200501191132.0</controlfield>
        <controlfield tag="008">950310|1966|||||||    ||     ||| ||fre  </controlfield>
        <datafield tag="019" ind1="x" ind2=" ">
            <subfield code="a">0620280158</subfield>
        </datafield>
        <datafield tag="100" ind1="1" ind2=" ">
            <subfield code="a">Christie, Agatha,</subfield>
            <subfield code="d">1890-1976.</subfield>
        </datafield>
        <datafield tag="240" ind1="1" ind2="0">
            <subfield code="a">[Murder on the Orient Express.]</subfield>
        </datafield>
        <datafield tag="245" ind1="1" ind2="0">
            <subfield code="a">Le Crime de l'Orient Express ... Texte français de Louis Postif.</subfield>
        </datafield>
        <datafield tag="264" ind1=" " ind2="1">
            <subfield code="a">Paris,</subfield>
            <subfield code="c">[1966]</subfield>
        </datafield>
        <datafield tag="300" ind1=" " ind2=" ">
            <subfield code="a">256 pages ;</subfield>
            <subfield code="c">(8º)</subfield>
        </datafield>
        <datafield tag="336" ind1=" " ind2=" ">
            <subfield code="a">text</subfield>
            <subfield code="2">rdacontent</subfield>
        </datafield>
        <datafield tag="337" ind1=" " ind2=" ">
            <subfield code="a">unmediated</subfield>
            <subfield code="2">rdamedia</subfield>
        </datafield>
        <datafield tag="338" ind1=" " ind2=" ">
            <subfield code="a">volume</subfield>
            <subfield code="2">rdacarrier</subfield>
        </datafield>
        <datafield tag="500" ind1=" " ind2=" ">
            <subfield code="a">Livre de poche. no. 1607.</subfield>
        </datafield>
        <datafield tag="700" ind1="1" ind2=" ">
            <subfield code="a">Postif, Louis,</subfield>
            <subfield code="d">1887-1942.</subfield>
        </datafield>
    </record>