
    <record>
        <leader>00878nam a22002653  4500</leader>
        <controlfield tag="001">000696616</controlfield>
        <controlfield tag="003">Uk</controlfield>
        <controlfield tag="005">20200501191132.0</controlfield>
        <controlfield tag="008">950310s1937    enk    ||     ||| 1|epo  </controlfield>
        <datafield tag="019" ind1="x" ind2=" ">
            <subfield code="a">062028014X</subfield>
        </datafield>
        <datafield tag="041" ind1="1" ind2=" ">
            <subfield code="a">epo</subfield>
            <subfield code="h">eng</subfield>
        </datafield>
        <datafield tag="100" ind1="1" ind2=" ">
            <subfield code="a">Christie, Agatha,</subfield>
            <subfield code="d">1890-1976.</subfield>
        </datafield>
        <datafield tag="240" ind1="1" ind2="0">
            <subfield code="a">Murder on the Orient Express.</subfield>
            <subfield code="l">Esperanto.</subfield>
        </datafield>
        <datafield tag="245" ind1="1" ind2="0">
            <subfield code="a">Murdo en la Orienta Ekspreso /</subfield>
            <subfield code="c">Tradukita ... de Etulo.</subfield>
        </datafield>
        <datafield tag="264" ind1=" " ind2="1">
            <subfield code="a">Rickmansworth :</subfield>
            <subfield code="b">Esperanto Publishing Co,</subfield>
            <subfield code="c">[1937]</subfield>
        </datafield>
        <datafield tag="300" ind1=" " ind2=" ">
            <subfield code="a">183 pages ;</subfield>
            <subfield code="c">(8º)</subfield>
        </datafield>
        <datafield tag="336" ind1=" " ind2=" ">
            <subfield code="a">text</subfield>
            <subfield code="2">rdacontent</subfield>
        </datafield>
        <datafield tag="337" ind1=" " ind2=" ">
            <subfield code="a">unmediated</subfield>
            <subfield code="2">rdamedia</subfield>
        </datafield>
        <datafield tag="338" ind1=" " ind2=" ">
            <subfield code="a">volume</subfield>
            <subfield code="2">rdacarrier</subfield>
        </datafield>
        <datafield tag="490" ind1="0" ind2=" ">
            <subfield code="a">["Epoko" Libro-Klubo. Publications. vol. 1.]</subfield>
        </datafield>
        <datafield tag="720" ind1=" " ind2=" ">
            <subfield code="a">ETULO, pseud.</subfield>
        </datafield>
    </record>