
    <record>
        <leader>00541nam a22001933  4500</leader>
        <controlfield tag="001">000696601</controlfield>
        <controlfield tag="005">20150412203600.0</controlfield>
        <controlfield tag="008">880229|1967||||enk    ||     ||| ||eng  </controlfield>
        <datafield tag="019" ind1="x" ind2=" ">
            <subfield code="a">0620270314</subfield>
        </datafield>
        <datafield tag="100" ind1="1" ind2=" ">
            <subfield code="a">Christie, Agatha,</subfield>
            <subfield code="d">1890-1976.</subfield>
        </datafield>
        <datafield tag="245" ind1="1" ind2="4">
            <subfield code="a">The murder of Roger Ackroyd.</subfield>
        </datafield>
        <datafield tag="260" ind1=" " ind2=" ">
            <subfield code="a">London :</subfield>
            <subfield code="b">Collins,</subfield>
            <subfield code="c">1967.</subfield>
        </datafield>
        <datafield tag="300" ind1=" " ind2=" ">
            <subfield code="a">288 p. ;</subfield>
            <subfield code="c">21 cm.</subfield>
        </datafield>
        <datafield tag="336" ind1=" " ind2=" ">
            <subfield code="a">text</subfield>
            <subfield code="2">rdacontent</subfield>
        </datafield>
        <datafield tag="337" ind1=" " ind2=" ">
            <subfield code="a">unmediated</subfield>
            <subfield code="2">rdamedia</subfield>
        </datafield>
        <datafield tag="338" ind1=" " ind2=" ">
            <subfield code="a">volume</subfield>
            <subfield code="2">rdacarrier</subfield>
        </datafield>
        <datafield tag="490" ind1="0" ind2=" ">
            <subfield code="a">(Crime Club series.)</subfield>
        </datafield>
    </record>