
    <record>
        <leader>01128nam a22002533  4500</leader>
        <controlfield tag="001">000696593</controlfield>
        <controlfield tag="005">20210317165059.0</controlfield>
        <controlfield tag="008">950310s1931    enk    ||     ||| 1|eng  </controlfield>
        <datafield tag="019" ind1="x" ind2=" ">
            <subfield code="a">0620270268</subfield>
        </datafield>
        <datafield tag="100" ind1="1" ind2=" ">
            <subfield code="a">Christie, Agatha,</subfield>
            <subfield code="d">1890-1976.</subfield>
        </datafield>
        <datafield tag="245" ind1="1" ind2="5">
            <subfield code="a">[The Murder of Roger Ackroyd.]</subfield>
        </datafield>
        <datafield tag="264" ind1=" " ind2="1">
            <subfield code="a">[London],</subfield>
            <subfield code="c">[1931]</subfield>
        </datafield>
        <datafield tag="300" ind1=" " ind2=" ">
            <subfield code="c">(8º)</subfield>
        </datafield>
        <datafield tag="336" ind1=" " ind2=" ">
            <subfield code="a">text</subfield>
            <subfield code="2">rdacontent</subfield>
        </datafield>
        <datafield tag="337" ind1=" " ind2=" ">
            <subfield code="a">unmediated</subfield>
            <subfield code="2">rdamedia</subfield>
        </datafield>
        <datafield tag="338" ind1=" " ind2=" ">
            <subfield code="a">volume</subfield>
            <subfield code="2">rdacarrier</subfield>
        </datafield>
        <datafield tag="787" ind1="0" ind2=" ">
            <subfield code="t">The Murder of Roger Ackroyd.</subfield>
            <subfield code="w">(Uk)MP1.0000733354</subfield>
            <subfield code="d">pp. viii. 312. W. Collins, Sons &amp; Co.: London, 1926. 8º.</subfield>
        </datafield>
    </record>