
    <record>
        <leader>00890nam a22002293  4500</leader>
        <controlfield tag="001">000696592</controlfield>
        <controlfield tag="003">Uk</controlfield>
        <controlfield tag="005">20230418141124.0</controlfield>
        <controlfield tag="008">950310|1926||||enk    ||     ||| ||eng  </controlfield>
        <datafield tag="019" ind1="x" ind2=" ">
            <subfield code="a">0620270268</subfield>
        </datafield>
        <datafield tag="100" ind1="1" ind2=" ">
            <subfield code="a">Christie, Agatha,</subfield>
            <subfield code="d">1890-1976.</subfield>
        </datafield>
        <datafield tag="245" ind1="1" ind2="4">
            <subfield code="a">The Murder of Roger Ackroyd.</subfield>
        </datafield>
        <datafield tag="264" ind1=" " ind2="1">
            <subfield code="a">London :</subfield>
            <subfield code="b">W. Collins, Sons &amp; Co,</subfield>
            <subfield code="c">1926.</subfield>
        </datafield>
        <datafield tag="300" ind1=" " ind2=" ">
            <subfield code="a">viii, 312 pages ;</subfield>
            <subfield code="c">(8º)</subfield>
        </datafield>
        <datafield tag="336" ind1=" " ind2=" ">
            <subfield code="a">text</subfield>
            <subfield code="2">rdacontent</subfield>
        </datafield>
        <datafield tag="337" ind1=" " ind2=" ">
            <subfield code="a">unmediated</subfield>
            <subfield code="2">rdamedia</subfield>
        </datafield>
        <datafield tag="338" ind1=" " ind2=" ">
            <subfield code="a">volume</subfield>
            <subfield code="2">rdacarrier</subfield>
        </datafield>
        <datafield tag="775" ind1="0" ind2=" ">
            <subfield code="t">[The Murder of Roger Ackroyd.]</subfield>
            <subfield code="w">(Uk)MP1.0000733354.2</subfield>
            <subfield code="n">In Detective Novels. Four Great Detective Novels, etc. [1938.] 8º.</subfield>
        </datafield>
        <datafield tag="775" ind1="0" ind2=" ">
            <subfield code="t">[The Murder of Roger Ackroyd.]</subfield>
            <subfield code="w">(Uk)MP1.0000733354.3</subfield>
            <subfield code="d">pp. 336. Collins: London &amp; Glasgow, [1939.] 8º.</subfield>
        </datafield>
        <datafield tag="787" ind1="0" ind2=" ">
            <subfield code="t">[The Murder of Roger Ackroyd.]</subfield>
            <subfield code="w">(Uk)MP1.0000733354.1</subfield>
            <subfield code="d">[London, 1931.] 8º.</subfield>
        </datafield>
    </record>