
    <record>
        <leader>00809nam a22002293  4500</leader>
        <controlfield tag="001">000696586</controlfield>
        <controlfield tag="005">20190519123715.0</controlfield>
        <controlfield tag="008">950310|1974|||||||    ||     ||| ||pol  </controlfield>
        <datafield tag="019" ind1="x" ind2=" ">
            <subfield code="a">0620270209</subfield>
        </datafield>
        <datafield tag="100" ind1="1" ind2=" ">
            <subfield code="a">Christie, Agatha,</subfield>
            <subfield code="d">1890-1976.</subfield>
        </datafield>
        <datafield tag="240" ind1="1" ind2="0">
            <subfield code="a">[A Murder is announced.]</subfield>
        </datafield>
        <datafield tag="245" ind1="1" ind2="0">
            <subfield code="a">Morderstwo odbędzie się ... Tłumaczył Tadeusz Jan Dehnel.</subfield>
        </datafield>
        <datafield tag="260" ind1=" " ind2=" ">
            <subfield code="a">Warszawa :</subfield>
            <subfield code="b">Czytelnik,</subfield>
            <subfield code="c">1974.</subfield>
        </datafield>
        <datafield tag="300" ind1=" " ind2=" ">
            <subfield code="a">305 p. ;</subfield>
            <subfield code="c">18 cm.</subfield>
        </datafield>
        <datafield tag="336" ind1=" " ind2=" ">
            <subfield code="a">text</subfield>
            <subfield code="2">rdacontent</subfield>
        </datafield>
        <datafield tag="337" ind1=" " ind2=" ">
            <subfield code="a">unmediated</subfield>
            <subfield code="2">rdamedia</subfield>
        </datafield>
        <datafield tag="338" ind1=" " ind2=" ">
            <subfield code="a">volume</subfield>
            <subfield code="2">rdacarrier</subfield>
        </datafield>
        <datafield tag="700" ind1="1" ind2=" ">
            <subfield code="a">Dehnel, Tadeusz Jan.</subfield>
        </datafield>
    </record>