
    <record>
        <leader>00768nam a22002293  4500</leader>
        <controlfield tag="001">000696579</controlfield>
        <controlfield tag="005">20220128181945.0</controlfield>
        <controlfield tag="008">880229|1964||||enk    ||     ||| ||eng  </controlfield>
        <datafield tag="019" ind1="x" ind2=" ">
            <subfield code="a">0620270144</subfield>
        </datafield>
        <datafield tag="100" ind1="1" ind2=" ">
            <subfield code="a">Christie, Agatha,</subfield>
            <subfield code="d">1890-1976.</subfield>
        </datafield>
        <datafield tag="245" ind1="1" ind2="0">
            <subfield code="a">Murder in the Mews, etc.</subfield>
        </datafield>
        <datafield tag="264" ind1=" " ind2="1">
            <subfield code="a">London,</subfield>
            <subfield code="c">1964.</subfield>
        </datafield>
        <datafield tag="300" ind1=" " ind2=" ">
            <subfield code="c">(8º)</subfield>
        </datafield>
        <datafield tag="336" ind1=" " ind2=" ">
            <subfield code="a">text</subfield>
            <subfield code="2">rdacontent</subfield>
        </datafield>
        <datafield tag="337" ind1=" " ind2=" ">
            <subfield code="a">unmediated</subfield>
            <subfield code="2">rdamedia</subfield>
        </datafield>
        <datafield tag="338" ind1=" " ind2=" ">
            <subfield code="a">volume</subfield>
            <subfield code="2">rdacarrier</subfield>
        </datafield>
        <datafield tag="500" ind1=" " ind2=" ">
            <subfield code="a">Fontana Books. no. 984.</subfield>
        </datafield>
        <datafield tag="787" ind1="0" ind2=" ">
            <subfield code="t">Murder in the Mews, etc.</subfield>
            <subfield code="w">(Uk)MP1.0000733342</subfield>
            <subfield code="d">pp. 221. Penguin Books: Harmondsworth, 1961. 8º.</subfield>
        </datafield>
    </record>