
    <record>
        <leader>01122nam a22002293  4500</leader>
        <controlfield tag="001">000696403</controlfield>
        <controlfield tag="005">20210317165058.0</controlfield>
        <controlfield tag="008">880229s1932    enk    ||     ||| 1|eng  </controlfield>
        <datafield tag="019" ind1="x" ind2=" ">
            <subfield code="a">0620230045</subfield>
        </datafield>
        <datafield tag="100" ind1="1" ind2=" ">
            <subfield code="a">Christie, Agatha,</subfield>
            <subfield code="d">1890-1976.</subfield>
        </datafield>
        <datafield tag="245" ind1="1" ind2="4">
            <subfield code="a">The Agatha Christie Omnibus of Crime. The Sittaford Mystery, The Seven Dials Mystery, The Mystery of the Blue Train, The Murder of Roger Ackroyd.</subfield>
        </datafield>
        <datafield tag="264" ind1=" " ind2="1">
            <subfield code="a">London :</subfield>
            <subfield code="b">W. Collins Sons &amp; Co,</subfield>
            <subfield code="c">[1932]</subfield>
        </datafield>
        <datafield tag="300" ind1=" " ind2=" ">
            <subfield code="a">4 parts ;</subfield>
            <subfield code="c">(8º)</subfield>
        </datafield>
        <datafield tag="336" ind1=" " ind2=" ">
            <subfield code="a">text</subfield>
            <subfield code="2">rdacontent</subfield>
        </datafield>
        <datafield tag="337" ind1=" " ind2=" ">
            <subfield code="a">unmediated</subfield>
            <subfield code="2">rdamedia</subfield>
        </datafield>
        <datafield tag="338" ind1=" " ind2=" ">
            <subfield code="a">volume</subfield>
            <subfield code="2">rdacarrier</subfield>
        </datafield>
    </record>