
    <record>
        <leader>01102nam a22002413  4500</leader>
        <controlfield tag="001">000696402</controlfield>
        <controlfield tag="003">Uk</controlfield>
        <controlfield tag="005">20210317165058.0</controlfield>
        <controlfield tag="008">880229s1931    enk    ||     ||| 1|eng  </controlfield>
        <datafield tag="019" ind1="x" ind2=" ">
            <subfield code="a">0620230037</subfield>
        </datafield>
        <datafield tag="100" ind1="1" ind2=" ">
            <subfield code="a">Christie, Agatha,</subfield>
            <subfield code="d">1890-1976.</subfield>
        </datafield>
        <datafield tag="245" ind1="1" ind2="3">
            <subfield code="a">An Agatha Christie Omnibus :</subfield>
            <subfield code="b">containing The Mysterious Affair at Styles, The Murder on the Links, Poirot Investigates.</subfield>
        </datafield>
        <datafield tag="264" ind1=" " ind2="1">
            <subfield code="a">London :</subfield>
            <subfield code="b">John Lane,</subfield>
            <subfield code="c">1931.</subfield>
        </datafield>
        <datafield tag="300" ind1=" " ind2=" ">
            <subfield code="a">3 parts ;</subfield>
            <subfield code="c">(8º)</subfield>
        </datafield>
        <datafield tag="336" ind1=" " ind2=" ">
            <subfield code="a">text</subfield>
            <subfield code="2">rdacontent</subfield>
        </datafield>
        <datafield tag="337" ind1=" " ind2=" ">
            <subfield code="a">unmediated</subfield>
            <subfield code="2">rdamedia</subfield>
        </datafield>
        <datafield tag="338" ind1=" " ind2=" ">
            <subfield code="a">volume</subfield>
            <subfield code="2">rdacarrier</subfield>
        </datafield>
    </record>